@article{dahiya2010tactile,
  title={Tactile sensing?from humans to humanoids},
  author={Dahiya, Ravinder S and Metta, Giorgio and Valle, Maurizio and Sandini, Giulio},
  journal={IEEE Transactions on Robotics,},
  volume={26},
  number={1},
  pages={1--20},
  year={2010},
  publisher={IEEE}
}

@article{dahiya2013directions,
  title={Directions Towards Effective Utilization of Tactile Skin-A Review},
  author={Dahiya, Ravinder S and Mittendorfer, Philipp and Valle, Maurizio and Cheng, Gordon and Lumelsky, Vladimir},
  journal={IEEE Sensors Journal},
  volume={13},
  number={11},
  pages={4121--4138},
  year={2013},
  publisher={IEEE}
}

@article{khan2015technologies,
  title={Technologies for printing sensors and electronics over large flexible substrates: a review},
  author={Khan, Saleem and Lorenzelli, Leandro and Dahiya, Ravinder},
  journal={IEEE Sensors Journal},
  volume={15},
  number={6},
  pages={3164--3185},
  year={2015},
  publisher={Institute of Electrical and Electronics Engineers}
}

@article{dahiya2013bendable,
  title={Bendable Ultra-Thin Chips on Flexible Foils},
  author={Dahiya, Ravinder S and Gennaro, Salvatore},
  journal={IEEE Sensors Journal},
  volume={13},
  number={10},
  pages={4030--4037},
  year={2013},
  publisher={IEEE}
}

@inproceedings{cannata2010modular,
  title={Modular skin for humanoid robot systems},
  author={Cannata, Giorgio and Dahiya, Ravinder S and Maggiali, Marco and Mastrogiovanni, Fulvio and Metta, Giorgio and Valle, Maurizio},
  booktitle={4th Int. Conf. on Cognitive Systems},
  year={2010}
}

@article{dahiya2013posfet,
  title={POSFET tactile sensing arrays using CMOS technology},
  author={Dahiya, RS and Adami, A and Collini, C and Lorenzelli, L},
  journal={Sensors and Actuators A: Physical},
  volume={202},
  pages={226--232},
  year={2013},
  publisher={Elsevier}
}

@inproceedings{dahiya2009development,
  title={Development of fingertip tactile sensing chips for humanoid robots},
  author={Dahiya, Ravinder S and Metta, G and Valle, M},
  booktitle={IEEE International Conference on Mechatronics (ICM 2009)},
  pages={1--6},
  year={2009},
  organization={IEEE}
}

@inproceedings{dahiya2007tactile,
  title={Tactile sensing arrays for humanoid robots},
  author={Dahiya, Ravinder S and Valle, Maurizio and Metta, Giorgio and Lorenzelli, Leandro and Collini, Cristian},
  booktitle={Research in Microelectronics and Electronics Conference, 2007. PRIME 2007. Ph. D.},
  pages={201--204},
  year={2007},
  organization={IEEE}
}

@inproceedings{dahiya2007posfet,
  title={POSFET based tactile sensor arrays},
  author={Dahiya, Ravinder S and Valle, Maurizio and Metta, Giorgio and Lorenzelli, Leandro},
  booktitle={Electronics, Circuits and Systems, 2007. ICECS 2007. 14th IEEE International Conference on},
  pages={1075--1078},
  year={2007},
  organization={IEEE}
}

@misc{dahiya2008tactile,
  title={Tactile sensing for robotic applications},
  author={Dahiya, Ravinder S and Valle, Maurizio},
  year={2008},
  publisher={INTECH Open Access Publisher}
}

@article{decherchi2011tactile,
  title={Tactile-data classification of contact materials using computational intelligence},
  author={Decherchi, Sergio and Gastaldo, Paolo and Dahiya, Ravinder S and Valle, Maurizio and Zunino, Rodolfo},
  journal={IEEE Transactions on Robotics,},
  volume={27},
  number={3},
  pages={635--639},
  year={2011},
  publisher={IEEE}
}

@phdthesis{tinku2016micro,
  title={Micro fabrication technologies for tear fluid sensors for functional contact lens applications},
  author={Tinku, Sajina},
  year={2016},
  school={University of Trento}
}

@inproceedings{cannata2010tactile,
  title={Tactile sensing: Steps to artificial somatosensory maps},
  author={Cannata, Giorgio and Denei, Simone and Mastrogiovanni, Fulvio},
  booktitle={RO-MAN, 2010 IEEE},
  pages={576--581},
  year={2010},
  organization={IEEE}
}

@incollection{billard2013roboskin,
  title={The roboskin project: Challenges and results},
  author={Billard, Aude and Bonfiglio, Annalisa and Cannata, Giorgio and Cosseddu, Piero and Dahl, Torbjorn and Dautenhahn, Kerstin and Mastrogiovanni, Fulvio and Metta, Giorgio and Natale, Lorenzo and Robins, Ben and others},
  booktitle={Romansy 19--Robot Design, Dynamics and Control},
  pages={351--358},
  year={2013},
  publisher={Springer Vienna}
}

@article{yogeswaran2015new,
  title={New materials and advances in making electronic skin for interactive robots},
  author={Yogeswaran, Nivasan and Dang, Wenting and Navaraj, William Taube and Shakthivel, Dhayalan and Khan, Saleem and Polat, Emre Ozan and Gupta, Shoubhik and Heidari, Hadi and Kaboli, Mohsen and Lorenzelli, Leandro and others},
  journal={Advanced Robotics},
  volume={29},
  number={21},
  pages={1359--1373},
  year={2015},
  publisher={Taylor \& Francis}
}

@inproceedings{kaboli2015hand,
  title={In-hand object recognition via texture properties with robotic hands, artificial skin, and novel tactile descriptors},
  author={Kaboli, Mohsen and De La Rosa, T and Walker, Rich and Cheng, Gordon},
  booktitle={IEEE-RAS 15th International Conference on Humanoid Robots (Humanoids)},
  pages={1155--1160},
  year={2015},
  organization={IEEE}
}

@inproceedings{kaboli2016tactile,
  title={Tactile-based manipulation of deformable objects with dynamic center of mass},
  author={Kaboli, Mohsen and Yao, Kunpeng and Cheng, Gordon},
  booktitle={Humanoid Robots (Humanoids), 2016 IEEE-RAS 16th International Conference on},
  pages={752--757},
  year={2016},
  organization={IEEE}
}

@inproceedings{kaboli2016novel,
  title={Novel Tactile Descriptors and a Tactile Transfer Learning Technique for Active In-Hand Object Recognition via Texture Properties},
  author={Kaboli, Mohsen and Cheng, Gordon},
  booktitle={IEEE-RAS International Conference on Humanoid Robots (Humanoids)-workshop on tactile sensing for manipulation: new progress and challenges},
  year={2016}
}

@article{kuiken2009targeted,
  title={Targeted muscle reinnervation for real-time myoelectric control of multifunction artificial arms},
  author={Kuiken, Todd A and Li, Guanglin and Lock, Blair A and Lipschutz, Robert D and Miller, Laura A and Stubblefield, Kathy A and Englehart, Kevin B},
  journal={Jama},
  volume={301},
  number={6},
  pages={619--628},
  year={2009},
  publisher={American Medical Association}
}

@article{collinger2013high,
  title={High-performance neuroprosthetic control by an individual with tetraplegia},
  author={Collinger, Jennifer L and Wodlinger, Brian and Downey, John E and Wang, Wei and Tyler-Kabara, Elizabeth C and Weber, Douglas J and McMorland, Angus JC and Velliste, Meel and Boninger, Michael L and Schwartz, Andrew B},
  journal={The Lancet},
  volume={381},
  number={9866},
  pages={557--564},
  year={2013},
  publisher={Elsevier}
}

@article{tabot2013restoring,
  title={Restoring the sense of touch with a prosthetic hand through a brain interface},
  author={Tabot, Gregg A and Dammann, John F and Berg, Joshua A and Tenore, Francesco V and Boback, Jessica L and Vogelstein, R Jacob and Bensmaia, Sliman J},
  journal={Proceedings of the National Academy of Sciences},
  volume={110},
  number={45},
  pages={18279--18284},
  year={2013},
  publisher={National Acad Sciences}
}

@article{nicolelis2002controlling,
  title={Controlling robots with the mind},
  author={Nicolelis, Miguel AL and Chapin, John K and others},
  journal={SCIENTIFIC AMERICAN-AMERICAN EDITION-},
  volume={287},
  number={4},
  pages={46--55},
  year={2002},
  publisher={CDS COMMUNICATIONS DATA SERVICES}
}

@article{rogers2010materials,
  title={Materials and mechanics for stretchable electronics},
  author={Rogers, John A and Someya, Takao and Huang, Yonggang},
  journal={Science},
  volume={327},
  number={5973},
  pages={1603--1607},
  year={2010},
  publisher={American Association for the Advancement of Science}
}

@article{someya2004large,
  title={A large-area, flexible pressure sensor matrix with organic field-effect transistors for artificial skin applications},
  author={Someya, Takao and Sekitani, Tsuyoshi and Iba, Shingo and Kato, Yusaku and Kawaguchi, Hiroshi and Sakurai, Takayasu},
  journal={Proceedings of the National Academy of Sciences of the United States of America},
  volume={101},
  number={27},
  pages={9966--9970},
  year={2004},
  publisher={National Acad Sciences}
}

@article{sekitani2008rubberlike,
  title={A rubberlike stretchable active matrix using elastic conductors},
  author={Sekitani, Tsuyoshi and Noguchi, Yoshiaki and Hata, Kenji and Fukushima, Takanori and Aida, Takuzo and Someya, Takao},
  journal={Science},
  volume={321},
  number={5895},
  pages={1468--1472},
  year={2008},
  publisher={American Association for the Advancement of Science}
}

