@article{engel2003development,
  title={Development of polyimide flexible tactile sensor skin},
  author={Engel, Jonathan and Chen, Jack and Liu, Chang},
  journal={Journal of Micromechanics and Microengineering},
  volume={13},
  number={3},
  pages={359},
  year={2003},
  publisher={IOP Publishing}
}

@article{lotters1997mechanical,
  title={The mechanical properties of the rubber elastic polymer polydimethylsiloxane for sensor applications},
  author={L{\"o}tters, JC and Olthuis, W and Veltink, PH and Bergveld, P},
  journal={Journal of Micromechanics and Microengineering},
  volume={7},
  number={3},
  pages={145},
  year={1997},
  publisher={IOP Publishing}
}

@article{omata1992new,
  title={New tactile sensor like the human hand and its applications},
  author={Omata, Sadao and Terunuma, Yoshikazu},
  journal={Sensors and Actuators A: Physical},
  volume={35},
  number={1},
  pages={9--15},
  year={1992},
  publisher={Elsevier}
}

@article{larson2016highly,
  title={Highly stretchable electroluminescent skin for optical signaling and tactile sensing},
  author={Larson, Christina and Peele, B and Li, S and Robinson, S and Totaro, M and Beccai, L and Mazzolai, B and Shepherd, R},
  journal={Science},
  volume={351},
  number={6277},
  pages={1071--1074},
  year={2016},
  publisher={American Association for the Advancement of Science}
}

@article{engel2005polymer,
  title={Polymer micromachined multimodal tactile sensors},
  author={Engel, Jonathan and Chen, Jack and Fan, Zhifang and Liu, Chang},
  journal={Sensors and Actuators A: physical},
  volume={117},
  number={1},
  pages={50--61},
  year={2005},
  publisher={Elsevier}
}

@article{paschen1998novel,
  title={A novel tactile sensor system for heavy-load applications based on an integrated capacitive pressure sensor},
  author={Paschen, U and Leineweber, M and Amelung, J and Schmidt, M and Zimmer, G},
  journal={Sensors and Actuators A: Physical},
  volume={68},
  number={1},
  pages={294--298},
  year={1998},
  publisher={Elsevier}
}

@article{hasegawa2008fabrication,
  title={Fabrication of a wearable fabric tactile sensor produced by artificial hollow fiber},
  author={Hasegawa, Yoshihiro and Shikida, Mitsuhiro and Ogura, Daisuke and Suzuki, Yoshitaka and Sato, Kazuo},
  journal={Journal of micromechanics and microengineering},
  volume={18},
  number={8},
  pages={085014},
  year={2008},
  publisher={IOP Publishing}
}

@article{horch2011object,
  title={Object discrimination with an artificial hand using electrical stimulation of peripheral tactile and proprioceptive pathways with intrafascicular electrodes},
  author={Horch, Kenneth and Meek, Sanford and Taylor, Tyson G and Hutchinson, Douglas T},
  journal={IEEE Transactions on Neural Systems and Rehabilitation Engineering},
  volume={19},
  number={5},
  pages={483--489},
  year={2011},
  publisher={IEEE}
}

@article {electromyography,
    author  = "Huang H, Kuiken TA, Lipschutz RD",
    title   = "A strategy for identifying locomotion modes using surface electromyography",
    journal = "IEEE Trans Biomed Eng",
    year    = "2009",
    volume  = "1",
    number  = "56",
    pages   = "65-73"
}

@article {Neuroscience,
    author  = "Sober SJ, Sabes PN",
    title   = "Flexible strategies for sensory integration during motor planning",
    journal = "Nature Neuroscience",
    year    = "2005",
    volume  = "4",
    number  = "8",
    pages   = "490-497"
}

@article {PloSOne,
    author   = "Zhang W Johnston JA Ross MA et a",
    title    = "Effects of carpal tunnel syndrome on adaptation of multi-digit forces to object weight for whole-hand manipulation",
    journal  = "PloS One",
    year     = "2011",
    volume   = "6",
    number   = "11",
}

@article {fingertipforces,
    author  = "Jenmalm P, Johansson RS",
    title   = "Visual and somatosensory information about object shape control manipulative fingertip forces",
    journal = "Journal of Neuroscience",
    year    = "1997",
    volume  = "17",
    number  = "11",
    pages   = "4486-4499"
}

@article {limbdynamics,
    author  = "ainburg RL Ghilardi MF Poizner H Ghez C",
    title   = "Control of limb dynamics in normal subjects and patients without proprioception",
    journal = "Journal of Neurophysiology",
    year    = "1995",
    volume  = "2",
    number  = "73",
    pages   = "820-835"
}

@article {key,
    author  = "Flor H Muhlnickel W Karl A et al",
    title   = "A neural substrate for nonpainful phantom limb phenomena",
    journal = "Neuroreport",
    year    = "2000",
    volume  = "7",
    number  = "11",
    pages   = "1407-1411"
}

@article {TargetedSensoryReinnervation,
    author  = "Hebert JS Olson JL Morhart MJ Dawson MR Marasco PD Kuiken TA and Chang KM",
    title   = "Novel Targeted Sensory Reinnervation Technique to Restore Functional Hand Sensation After Transhumeral Amputation",
    journal = "IEEE Trans Neural Syst Rehabil Eng",
    year    = "2014",
    volume  = "4",
    number  = "22",
    pages   = "765-773"
}